%YAML 1.1
%TAG !u! tag:unity3d.com,2011:
--- !u!243 &-6456397831435700539
AudioMixerGroupController:
  m_ObjectHideFlags: 0
  m_CorrespondingSourceObject: {fileID: 0}
  m_PrefabInstance: {fileID: 0}
  m_PrefabAsset: {fileID: 0}
  m_Name: Effects
  m_AudioMixer: {fileID: 24100000}
  m_GroupID: 9427811454748874d804815098cf5950
  m_Children: []
  m_Volume: 60ac97e3137dc034aab3813d5b6c85a4
  m_Pitch: a7056abafa295bd4a94ca99ebd6b5e8e
  m_Send: 00000000000000000000000000000000
  m_Effects:
  - {fileID: -5264153106781764194}
  m_UserColorIndex: 0
  m_Mute: 0
  m_Solo: 0
  m_BypassEffects: 0
--- !u!244 &-5587581923553812997
AudioMixerEffectController:
  m_ObjectHideFlags: 3
  m_CorrespondingSourceObject: {fileID: 0}
  m_PrefabInstance: {fileID: 0}
  m_PrefabAsset: {fileID: 0}
  m_Name: 
  m_EffectID: be20579d316606841a04382b85230ce3
  m_EffectName: Attenuation
  m_MixLevel: b13425cc9f188d9458d413269b8b1468
  m_Parameters: []
  m_SendTarget: {fileID: 0}
  m_EnableWetMix: 0
  m_Bypass: 0
--- !u!244 &-5264153106781764194
AudioMixerEffectController:
  m_ObjectHideFlags: 3
  m_CorrespondingSourceObject: {fileID: 0}
  m_PrefabInstance: {fileID: 0}
  m_PrefabAsset: {fileID: 0}
  m_Name: 
  m_EffectID: 9c5c0251b7ec1e541bf4bb927b718e91
  m_EffectName: Attenuation
  m_MixLevel: 1d94849648656c2448df0399d9efdfad
  m_Parameters: []
  m_SendTarget: {fileID: 0}
  m_EnableWetMix: 0
  m_Bypass: 0
--- !u!243 &-1241040905114274907
AudioMixerGroupController:
  m_ObjectHideFlags: 0
  m_CorrespondingSourceObject: {fileID: 0}
  m_PrefabInstance: {fileID: 0}
  m_PrefabAsset: {fileID: 0}
  m_Name: Music
  m_AudioMixer: {fileID: 24100000}
  m_GroupID: e59af863795102e4abfa003a2c506317
  m_Children: []
  m_Volume: f4e53270a8b8b724c8637cb8bc874fd3
  m_Pitch: 741c9de8335c1fc4fb3ec5fc9e68e382
  m_Send: 00000000000000000000000000000000
  m_Effects:
  - {fileID: -5587581923553812997}
  m_UserColorIndex: 0
  m_Mute: 0
  m_Solo: 0
  m_BypassEffects: 0
--- !u!241 &24100000
AudioMixerController:
  m_ObjectHideFlags: 0
  m_CorrespondingSourceObject: {fileID: 0}
  m_PrefabInstance: {fileID: 0}
  m_PrefabAsset: {fileID: 0}
  m_Name: Main
  m_OutputGroup: {fileID: 0}
  m_MasterGroup: {fileID: 24300002}
  m_Snapshots:
  - {fileID: 24500006}
  m_StartSnapshot: {fileID: 24500006}
  m_SuspendThreshold: -80
  m_EnableSuspend: 1
  m_UpdateMode: 0
  m_ExposedParameters:
  - guid: 60ac97e3137dc034aab3813d5b6c85a4
    name: EffectVolume
  - guid: 9579678a755cd164ba4df0a2e092119d
    name: GeneralVolume
  - guid: f4e53270a8b8b724c8637cb8bc874fd3
    name: MusicVolume
  m_AudioMixerGroupViews:
  - guids:
    - f0f54978d6fc815488b6b274d4614c21
    - 9427811454748874d804815098cf5950
    - e59af863795102e4abfa003a2c506317
    name: View
  m_CurrentViewIndex: 0
  m_TargetSnapshot: {fileID: 24500006}
--- !u!243 &24300002
AudioMixerGroupController:
  m_ObjectHideFlags: 0
  m_CorrespondingSourceObject: {fileID: 0}
  m_PrefabInstance: {fileID: 0}
  m_PrefabAsset: {fileID: 0}
  m_Name: Master
  m_AudioMixer: {fileID: 24100000}
  m_GroupID: f0f54978d6fc815488b6b274d4614c21
  m_Children:
  - {fileID: -6456397831435700539}
  - {fileID: -1241040905114274907}
  m_Volume: 9579678a755cd164ba4df0a2e092119d
  m_Pitch: 94f49424f6b8b184a855f3c3277ab110
  m_Send: 00000000000000000000000000000000
  m_Effects:
  - {fileID: 24400004}
  m_UserColorIndex: 0
  m_Mute: 0
  m_Solo: 0
  m_BypassEffects: 0
--- !u!244 &24400004
AudioMixerEffectController:
  m_ObjectHideFlags: 3
  m_CorrespondingSourceObject: {fileID: 0}
  m_PrefabInstance: {fileID: 0}
  m_PrefabAsset: {fileID: 0}
  m_Name: 
  m_EffectID: 6da9a3e53afe7c143bc2c0f2446fe2a4
  m_EffectName: Attenuation
  m_MixLevel: 201393ba21d410744a05d61249bed626
  m_Parameters: []
  m_SendTarget: {fileID: 0}
  m_EnableWetMix: 0
  m_Bypass: 0
--- !u!245 &24500006
AudioMixerSnapshotController:
  m_ObjectHideFlags: 0
  m_CorrespondingSourceObject: {fileID: 0}
  m_PrefabInstance: {fileID: 0}
  m_PrefabAsset: {fileID: 0}
  m_Name: Snapshot
  m_AudioMixer: {fileID: 24100000}
  m_SnapshotID: aa3ad05a2ce515645bd0499bdc112b23
  m_FloatValues:
    f4e53270a8b8b724c8637cb8bc874fd3: -4.4421043
    60ac97e3137dc034aab3813d5b6c85a4: -6.000001
    d5a8610968546f54dbf8f78756d7936e: -80
    9579678a755cd164ba4df0a2e092119d: -5.5925627
    51f132df4a2c1db4abe25bec1381c4dc: -80
  m_TransitionOverrides: {}
